%YAML 1.1
%TAG !u! tag:unity3d.com,2011:
--- !u!1 &2930685073320921653
GameObject:
  m_ObjectHideFlags: 0
  m_CorrespondingSourceObject: {fileID: 0}
  m_PrefabInstance: {fileID: 0}
  m_PrefabAsset: {fileID: 0}
  serializedVersion: 6
  m_Component:
  - component: {fileID: 8032102981976630581}
  - component: {fileID: 5177633266752276522}
  - component: {fileID: 5421699992415076405}
  - component: {fileID: 8997032558073820248}
  - component: {fileID: 6844647685395153676}
  - component: {fileID: 1143421179192731094}
  - component: {fileID: 2895233693601283166}
  m_Layer: 6
  m_Name: GreenBullet
  m_TagString: Untagged
  m_Icon: {fileID: 0}
  m_NavMeshLayer: 0
  m_StaticEditorFlags: 0
  m_IsActive: 1
--- !u!4 &8032102981976630581
Transform:
  m_ObjectHideFlags: 0
  m_CorrespondingSourceObject: {fileID: 0}
  m_PrefabInstance: {fileID: 0}
  m_PrefabAsset: {fileID: 0}
  m_GameObject: {fileID: 2930685073320921653}
  m_LocalRotation: {x: 0, y: 0, z: 0, w: 1}
  m_LocalPosition: {x: 0, y: 0, z: 0}
  m_LocalScale: {x: 1, y: 1, z: 1}
  m_Children:
  - {fileID: 121428934197536429}
  m_Father: {fileID: 0}
  m_RootOrder: 0
  m_LocalEulerAnglesHint: {x: 0, y: 0, z: 0}
--- !u!114 &5177633266752276522
MonoBehaviour:
  m_ObjectHideFlags: 0
  m_CorrespondingSourceObject: {fileID: 0}
  m_PrefabInstance: {fileID: 0}
  m_PrefabAsset: {fileID: 0}
  m_GameObject: {fileID: 2930685073320921653}
  m_Enabled: 1
  m_EditorHideFlags: 0
  m_Script: {fileID: 11500000, guid: 81671918ca4c9934da16c7555ace17af, type: 3}
  m_Name: 
  m_EditorClassIdentifier: 
  syncMode: 0
  syncInterval: 0.1
  m_Damage: 0
  m_SplashDamage: 0
  m_SplashRadius: 0
  m_Mass: 0
  m_UseGravity: 0
  m_BulletColor: {r: 0, g: 0, b: 0, a: 0}
  m_BulletSpeed: 0
  m_AimDirection: {x: 0, y: 0, z: 0}
  m_groundImpactFX: {fileID: 8243372048726754697, guid: 755dbdac255b7c04b848b1afd7eabd35, type: 3}
  m_playerImpactFX: {fileID: 815843066881488254, guid: df928e3ac64f6ef42a5c1be58d398f22, type: 3}
  m_impactSplashSprite: {fileID: 7941037321729214316, guid: 6f0f32297a9318745a1f13905c745968, type: 3}
--- !u!114 &5421699992415076405
MonoBehaviour:
  m_ObjectHideFlags: 0
  m_CorrespondingSourceObject: {fileID: 0}
  m_PrefabInstance: {fileID: 0}
  m_PrefabAsset: {fileID: 0}
  m_GameObject: {fileID: 2930685073320921653}
  m_Enabled: 1
  m_EditorHideFlags: 0
  m_Script: {fileID: 11500000, guid: 3ea60aa9e0b0c2a409fdaa7600f7cfa6, type: 3}
  m_Name: 
  m_EditorClassIdentifier: 
  m_LifeDuration: 7
--- !u!54 &8997032558073820248
Rigidbody:
  m_ObjectHideFlags: 0
  m_CorrespondingSourceObject: {fileID: 0}
  m_PrefabInstance: {fileID: 0}
  m_PrefabAsset: {fileID: 0}
  m_GameObject: {fileID: 2930685073320921653}
  serializedVersion: 2
  m_Mass: 100
  m_Drag: 1
  m_AngularDrag: 0.05
  m_UseGravity: 1
  m_IsKinematic: 0
  m_Interpolate: 0
  m_Constraints: 120
  m_CollisionDetection: 2
--- !u!114 &6844647685395153676
MonoBehaviour:
  m_ObjectHideFlags: 0
  m_CorrespondingSourceObject: {fileID: 0}
  m_PrefabInstance: {fileID: 0}
  m_PrefabAsset: {fileID: 0}
  m_GameObject: {fileID: 2930685073320921653}
  m_Enabled: 1
  m_EditorHideFlags: 0
  m_Script: {fileID: 11500000, guid: 9b91ecbcc199f4492b9a91e820070131, type: 3}
  m_Name: 
  m_EditorClassIdentifier: 
  sceneId: 0
  serverOnly: 0
  visible: 0
  m_AssetId: ad27c2488399e544eb1a09c2af73a597
  hasSpawned: 0
--- !u!114 &1143421179192731094
MonoBehaviour:
  m_ObjectHideFlags: 0
  m_CorrespondingSourceObject: {fileID: 0}
  m_PrefabInstance: {fileID: 0}
  m_PrefabAsset: {fileID: 0}
  m_GameObject: {fileID: 2930685073320921653}
  m_Enabled: 1
  m_EditorHideFlags: 0
  m_Script: {fileID: 11500000, guid: 83392ae5c1b731446909f252fd494ae4, type: 3}
  m_Name: 
  m_EditorClassIdentifier: 
  syncMode: 0
  syncInterval: 0
  target: {fileID: 8997032558073820248}
  clientAuthority: 0
  syncVelocity: 1
  clearVelocity: 0
  velocitySensitivity: 0.1
  syncAngularVelocity: 1
  clearAngularVelocity: 0
  angularVelocitySensitivity: 0.1
--- !u!135 &2895233693601283166
SphereCollider:
  m_ObjectHideFlags: 0
  m_CorrespondingSourceObject: {fileID: 0}
  m_PrefabInstance: {fileID: 0}
  m_PrefabAsset: {fileID: 0}
  m_GameObject: {fileID: 2930685073320921653}
  m_Material: {fileID: 0}
  m_IsTrigger: 0
  m_Enabled: 1
  serializedVersion: 2
  m_Radius: 0.1
  m_Center: {x: 0, y: 0, z: 0}
--- !u!1001 &6301089977829848604
PrefabInstance:
  m_ObjectHideFlags: 0
  serializedVersion: 2
  m_Modification:
    m_TransformParent: {fileID: 8032102981976630581}
    m_Modifications:
    - target: {fileID: 3147137665734527140, guid: d4fcc643511db3b4cbd7a0c4af89c2d2, type: 3}
      propertyPath: m_Name
      value: GREEN_shot_02
      objectReference: {fileID: 0}
    - target: {fileID: 6259600011376332977, guid: d4fcc643511db3b4cbd7a0c4af89c2d2, type: 3}
      propertyPath: m_RootOrder
      value: 0
      objectReference: {fileID: 0}
    - target: {fileID: 6259600011376332977, guid: d4fcc643511db3b4cbd7a0c4af89c2d2, type: 3}
      propertyPath: m_LocalPosition.x
      value: 0
      objectReference: {fileID: 0}
    - target: {fileID: 6259600011376332977, guid: d4fcc643511db3b4cbd7a0c4af89c2d2, type: 3}
      propertyPath: m_LocalPosition.y
      value: 0
      objectReference: {fileID: 0}
    - target: {fileID: 6259600011376332977, guid: d4fcc643511db3b4cbd7a0c4af89c2d2, type: 3}
      propertyPath: m_LocalPosition.z
      value: 0
      objectReference: {fileID: 0}
    - target: {fileID: 6259600011376332977, guid: d4fcc643511db3b4cbd7a0c4af89c2d2, type: 3}
      propertyPath: m_LocalRotation.w
      value: 1
      objectReference: {fileID: 0}
    - target: {fileID: 6259600011376332977, guid: d4fcc643511db3b4cbd7a0c4af89c2d2, type: 3}
      propertyPath: m_LocalRotation.x
      value: 0
      objectReference: {fileID: 0}
    - target: {fileID: 6259600011376332977, guid: d4fcc643511db3b4cbd7a0c4af89c2d2, type: 3}
      propertyPath: m_LocalRotation.y
      value: 0
      objectReference: {fileID: 0}
    - target: {fileID: 6259600011376332977, guid: d4fcc643511db3b4cbd7a0c4af89c2d2, type: 3}
      propertyPath: m_LocalRotation.z
      value: 0
      objectReference: {fileID: 0}
    - target: {fileID: 6259600011376332977, guid: d4fcc643511db3b4cbd7a0c4af89c2d2, type: 3}
      propertyPath: m_LocalEulerAnglesHint.x
      value: 0
      objectReference: {fileID: 0}
    - target: {fileID: 6259600011376332977, guid: d4fcc643511db3b4cbd7a0c4af89c2d2, type: 3}
      propertyPath: m_LocalEulerAnglesHint.y
      value: 0
      objectReference: {fileID: 0}
    - target: {fileID: 6259600011376332977, guid: d4fcc643511db3b4cbd7a0c4af89c2d2, type: 3}
      propertyPath: m_LocalEulerAnglesHint.z
      value: 0
      objectReference: {fileID: 0}
    m_RemovedComponents: []
  m_SourcePrefab: {fileID: 100100000, guid: d4fcc643511db3b4cbd7a0c4af89c2d2, type: 3}
--- !u!4 &121428934197536429 stripped
Transform:
  m_CorrespondingSourceObject: {fileID: 6259600011376332977, guid: d4fcc643511db3b4cbd7a0c4af89c2d2, type: 3}
  m_PrefabInstance: {fileID: 6301089977829848604}
  m_PrefabAsset: {fileID: 0}
